<record><leader>00000cas a22000007a 4500</leader><controlfield tag="001">10651503</controlfield><controlfield tag="008">840421d18351843ohuwr ne      0    0eng d</controlfield><datafield ind1=" " ind2=" " tag="010"><subfield code="a">sn 84028263 </subfield></datafield><datafield ind1=" " ind2=" " tag="040"><subfield code="a">NPY</subfield><subfield code="b">eng</subfield><subfield code="c">NPY</subfield><subfield code="d">ONP</subfield><subfield code="d">OCL</subfield><subfield code="d">KRTAS</subfield><subfield code="d">OCLCQ</subfield><subfield code="d">OCLCF</subfield><subfield code="d">OCLCO</subfield></datafield><datafield ind1=" " ind2=" " tag="042"><subfield code="a">msc</subfield></datafield><datafield ind1=" " ind2=" " tag="043"><subfield code="a">n-us-oh</subfield></datafield><datafield ind1="0" ind2=" " tag="130"><subfield code="a">Constitutionalist (Medina, Ohio : 1835)</subfield></datafield><datafield ind1="1" ind2="4" tag="245"><subfield code="a">The Constitutionalist.</subfield></datafield><datafield ind1=" " ind2=" " tag="260"><subfield code="a">Medina, Ohio :</subfield><subfield code="b">J.S. Carpenter</subfield></datafield><datafield ind1=" " ind2=" " tag="300"><subfield code="a">v.</subfield></datafield><datafield ind1=" " ind2=" " tag="310"><subfield code="a">Weekly</subfield></datafield><datafield ind1="1" ind2=" " tag="362"><subfield code="a">Began in 1835; ceased in 1843.</subfield></datafield><datafield ind1=" " ind2=" " tag="500"><subfield code="a">Publishing day varies.</subfield></datafield><datafield ind1=" " ind2=" " tag="500"><subfield code="a">Whig.</subfield></datafield><datafield ind1=" " ind2=" " tag="588"><subfield code="a">Description based on: Vol. 1, no. 36 (Oct. 14, 1836).</subfield></datafield><datafield ind1=" " ind2="0" tag="651"><subfield code="a">Medina (Ohio)</subfield><subfield code="v">Newspapers.</subfield></datafield><datafield ind1=" " ind2="0" tag="651"><subfield code="a">Medina County (Ohio)</subfield><subfield code="v">Newspapers.</subfield></datafield><datafield ind1=" " ind2="7" tag="655"><subfield code="a">Newspapers.</subfield><subfield code="2">fast</subfield><subfield code="0">(OCoLC)fst01423814</subfield></datafield><datafield ind1=" " ind2="7" tag="651"><subfield code="a">Ohio</subfield><subfield code="z">Medina.</subfield><subfield code="2">fast</subfield><subfield code="0">(OCoLC)fst01222380</subfield></datafield><datafield ind1=" " ind2="7" tag="651"><subfield code="a">Ohio</subfield><subfield code="z">Medina County.</subfield><subfield code="2">fast</subfield><subfield code="0">(OCoLC)fst01206644</subfield></datafield><datafield ind1=" " ind2=" " tag="752"><subfield code="a">United States</subfield><subfield code="b">Ohio</subfield><subfield code="c">Medina</subfield><subfield code="d">Medina.</subfield></datafield><datafield ind1="0" ind2="7" tag="785"><subfield code="t">Medina County Whig</subfield></datafield><datafield ind1="0" ind2="7" tag="785"><subfield code="t">Constitutionalist and Whig</subfield></datafield><datafield ind1=" " ind2=" " tag="938"><subfield code="a">Kirtas Technologies, Inc.</subfield><subfield code="b">KRTS</subfield><subfield code="n">738375</subfield></datafield></record>